	@BOOK{Identifier,
		author =       "Author Name",
		title =        "Book name",
		publisher =    "Publisher name",
		year =         "2001",
		note =         "ISBN~0-201-56882-9",
	 }



	@MISC{HipHopMoveFast,
		author =       "Haiping Zhao",
		title =        "HipHop for PHP: Move Fast",
		publisher =    "Facebook Engineering",
		year =         "2010-02-02 [cit. 2015-10-25]",
		howpublished=  "{\tt https://www.facebook.com/notes/facebook-engineering/hiphop-for-php-move-fast/280583813919}",
	}

	@MISC{HipHopBechmark,
		author =       "Artur Graniszewski",
		title =        "HipHop for PHP: Benchmark",
		publisher =    "Mindexception: out of context",
		year =         "2011-04-02 [cit. 2015-10-25]",
		howpublished=  "{\tt http://php.webtutor.pl/en/2011/04/02/hiphop-for-php-bechmark-english-version/}",
	}

	@MISC{HipHopRemoveCompiler,
		author =       "Sara Golemon",
		title =        "Remove support for buildling HPHPc ",
		publisher =    "Github facebook/hhvm",
		year =         "2013-02-19 [cit. 2015-10-25]",
		howpublished=  "{\tt https://github.com/facebook/hhvm/commit/fc5b95110ff75110ad55bb97f7c93a8c4eb68e3b}",
	}

	@MISC{HipHopSpeeding,
		author =       "Drew Paroski",
		title =        "Speeding up PHP-based development with HHVM",
		publisher =    "Facebook Engineering",
		year =         "2012-11-29 [cit. 2015-10-25]",
		howpublished=  "{\tt https://www.facebook.com/notes/facebook-engineering/speeding-up-php-based-development-with-hiphop-vm/10151170460698920}",
	}



	@MISC{PhcContributing,
		title =        "Contributing to phc",
		publisher =    "Phc web",
		year =         "2009-12-15 [cit. 2015-10-25]",
		howpublished=  "{\tt http://www.phpcompiler.org/contribute.html}",
	}

	@MISC{PhcIssues,
		title =        "Issues",
		publisher =    "Github pbiggar/phc",
		year =         "[cit. 2015-10-25]",
		howpublished=  "{\tt https://github.com/pbiggar/phc/issues}",
	}




