% This file was created with JabRef 2.9.2.
% Encoding: Cp1250

@ELECTRONIC{gcOptimize,
  author = {Fabien Potencier},
  month = {Dec},
  year = {2014},
  title = {Performance Impact of the PHP Garbage Collector},
  language = {EN},
  howpublished = {blogpost (english)},
  note = {\url{http://blog.blackfire.io/performance-impact-of-the-php-garbage-collector.html}},
  owner = {Blackfire},
  timestamp = {2016.02.20}
}

@ELECTRONIC{phalconBenchmark,
  author = {Kenji Suzuki},
  month = {Nov},
  year = {2015},
  title = {PHP Framework Benchmark},
  language = {EN},
  howpublished = {github (english)},
  note = {\url{https://github.com/kenjis/php-framework-benchmark}},
  owner = {Kenji Suzuki},
  timestamp = {2016.04.06}
}

@ELECTRONIC{yahooCpp,
  author = {David Peterson},
  month = {Aug},
  year = {2008},
  title = {Rasmus Lerdorf: PHP Frameworks? Think Again.},
  language = {EN},
  howpublished = {article (english)},
  note = {\url{http://www.sitepoint.com/rasmus-lerdorf-php-frameworks-think-again/}},
  owner = {Blackfire},
  timestamp = {2016.04.07}
}

@ELECTRONIC{phpExtensionStructure,
  author = {},
  month = {},
  year = {},
  title = {The zend\_module structure},
  language = {EN},
  howpublished = {article (english)},
  note = {\url{http://php.net/manual/en/internals2.structure.modstruct.php}},
  owner = {PHP Dokumentace},
  timestamp = {2015.11.08}
}

@ELECTRONIC{phpExtensionLife,
  author = {},
  month = {},
  year = {},
  title = {Life cycle of an extension},
  language = {EN},
  howpublished = {article (english)},
  note = {\url{http://php.net/manual/en/internals2.structure.lifecycle.php}},
  owner = {PHP Dokumentace},
  timestamp = {2015.11.09}
}
